<?xml version="1.0" encoding="UTF-8"?><collection xmlns="http://www.loc.gov/MARC21/slim"><record><leader>00691nam--2200193-i-4500</leader><controlfield tag="001">000020563</controlfield><controlfield tag="002">20161230</controlfield><controlfield tag="005">20170105143950</controlfield><controlfield tag="008">060222s1000------------r-----000-0-eng-d</controlfield><datafield ind1=" " ind2=" " tag="020"><subfield code="a">98102252882</subfield></datafield><datafield ind1=" " ind2=" " tag="080"><subfield code="a">539.14(061.3)</subfield></datafield><datafield ind1="1" ind2=" " tag="100"><subfield code="a">Raduta, Apolodor Aristotel</subfield></datafield><datafield ind1="1" ind2="0" tag="245"><subfield code="a">Collective motion and nuclear dynamics</subfield><subfield code="b">Predeal International Summer School Collective Motion and Nuclear Dynamics August 28 - September 9, 1995, Predeal, Romania</subfield><subfield code="c">A.A.Raduta, D.S. Delion, I.I. Ursu (eds.)</subfield></datafield><datafield ind1=" " ind2=" " tag="260"><subfield code="a">London</subfield><subfield code="b">World Scientific</subfield><subfield code="c">1996</subfield></datafield><datafield ind1=" " ind2=" " tag="300"><subfield code="a">571 p</subfield></datafield><datafield ind1=" " ind2=" " tag="490"><subfield code="a">Predeal International Summer School</subfield></datafield><datafield ind1="1" ind2=" " tag="700"><subfield code="a">Ursu, I.I</subfield><subfield code="e">Ed</subfield></datafield><datafield ind1=" " ind2=" " tag="852"><subfield code="a">80497</subfield><subfield code="c">539.14</subfield></datafield><datafield ind1=" " ind2=" " tag="CAT"><subfield code="a">SYS</subfield><subfield code="c">20170105</subfield><subfield code="h">143950</subfield></datafield></record></collection>